<record xmlns="http://www.loc.gov/MARC21/slim" xmlns:xsi="http://www.w3.org/2001/XMLSchema-instance" xsi:schemaLocation="http://www.loc.gov/MARC21/slim http://www.loc.gov/standards/marcxml/schema/MARC21slim.xsd">

  <leader>00658nam a2200169Ia 4500</leader>
  <datafield ind2=" " tag="999" ind1=" ">
    <subfield code="c">1616</subfield>
    <subfield code="d">1616</subfield>
  </datafield>
  <controlfield tag="008">180307b1998    cr ||||| |||| 00| | spa d</controlfield>
  <datafield tag="090" ind1=" " ind2=" ">
    <subfield code="a">06.02.03 </subfield>
    <subfield code="b">533</subfield>
  </datafield>
  <datafield ind2=" " tag="100" ind1="1">
    <subfield code="a">Bruni Celli, Josefina</subfield>
    <subfield code="9">3459</subfield>
  </datafield>
  <datafield ind1="1" tag="245" ind2=" ">
    <subfield code="a">Foro educativo Venezuela : experiencias de reforma y gestión / </subfield>
    <subfield code="c">Josefina Bruni Celli; Milko Ramsés González, compiladores</subfield>
  </datafield>
  <datafield ind2=" " ind1=" " tag="260">
    <subfield code="a">Caracas, Venezuela :  </subfield>
    <subfield code="b">Ediciones IESA, </subfield>
    <subfield code="c">1998</subfield>
  </datafield>
  <datafield ind2=" " ind1=" " tag="300">
    <subfield code="a">175 páginas</subfield>
  </datafield>
  <datafield ind1="1" tag="650" ind2="4">
    <subfield code="a">DESARROLLO DE LA EDUCACIÓN</subfield>
    <subfield code="9">24</subfield>
  </datafield>
  <datafield ind1="1" tag="650" ind2="4">
    <subfield code="a">INNOVACIONES PEDAGÓGICAS</subfield>
    <subfield code="9">666</subfield>
  </datafield>
  <datafield ind2="4" ind1="1" tag="650">
    <subfield code="a">PROYECTOS DE EDUCACION </subfield>
    <subfield code="9">152</subfield>
  </datafield>
  <datafield ind2=" " ind1=" " tag="700">
    <subfield code="a">González, Milko Ramsés</subfield>
    <subfield code="9">3460</subfield>
  </datafield>
  <datafield ind2=" " ind1=" " tag="711">
    <subfield code="a">Foro Educativo Venezuela : Experiencias de Reforma y Gestión [ 1° : 1998 : Caracas, Venezuela]</subfield>
    <subfield code="9">3461</subfield>
  </datafield>
  <datafield ind1=" " tag="942" ind2=" ">
    <subfield code="2">z</subfield>
    <subfield code="c">01</subfield>
  </datafield>
</record>